<?xml version="1.0"?>
<marc:collection xmlns:marc="http://www.loc.gov/MARC21/slim" xmlns:xsi="http://www.w3.org/2001/XMLSchema-instance" xsi:schemaLocation="http://www.loc.gov/MARC21/slim http://www.loc.gov/standards/marcxml/schema/MARC21slim.xsd">
   <marc:record type="Bibliographic">
      <marc:leader>00834cam a22002175  4500</marc:leader>
      <marc:controlfield tag="001">2788163</marc:controlfield>
      <marc:controlfield tag="003">NjP</marc:controlfield>
      <marc:controlfield tag="005">20110228134029.0</marc:controlfield>
      <marc:controlfield tag="008">991121m19281931ti            000 0 ara d</marc:controlfield>
      <marc:datafield tag="024" ind1="7" ind2=" ">
         <marc:subfield code="a">princeton_aco000018</marc:subfield>
         <marc:subfield code="2">local</marc:subfield>
      </marc:datafield>
      <marc:datafield tag="035" ind1=" " ind2=" ">
         <marc:subfield code="a">(OCoLC)ocm42866620</marc:subfield>
      </marc:datafield>
      <marc:datafield tag="035" ind1=" " ind2=" ">
         <marc:subfield code="9">CNJ7200TS</marc:subfield>
      </marc:datafield>
      <marc:datafield tag="040" ind1=" " ind2=" ">
         <marc:subfield code="a">PUL</marc:subfield>
         <marc:subfield code="c">PUL</marc:subfield>
      </marc:datafield>
      <marc:datafield tag="090" ind1=" " ind2=" ">
         <marc:subfield code="a">PJ6101</marc:subfield>
         <marc:subfield code="b">.I17 1928</marc:subfield>
      </marc:datafield>
      <marc:datafield tag="100" ind1="1" ind2=" ">
         <marc:subfield code="a">Sult&#x323;a&#x304;ni&#x304;, &#x2BB;Abd al-Sala&#x304;m ibn &#x2BB;Abd al-Rah&#x323;ma&#x304;n.</marc:subfield>
      </marc:datafield>
      <marc:datafield tag="245" ind1="0" ind2="0">
         <marc:subfield code="a">Sharh&#x323; shawa&#x304;hid al-Ushmu&#x304;ni&#x304;</marc:subfield>
         <marc:subfield code="b">[al-musamma&#x304; bi-Fath&#x323; al-ma&#x304;lik fi&#x304; sharh&#x323; shawa&#x304;hid Manhaj al-sa&#x304;lik &#x2BB;ala&#x304; Alfi&#x304;yat Ibn Ma&#x304;lik]</marc:subfield>
      </marc:datafield>
      <marc:datafield tag="260" ind1=" " ind2=" ">
         <marc:subfield code="a">Tunis,</marc:subfield>
         <marc:subfield code="b">al-Mat&#x323;ba&#x2BB;ah al-Ahli&#x304;yah,</marc:subfield>
         <marc:subfield code="c">1347-[49 1928/29-1931]</marc:subfield>
      </marc:datafield>
      <marc:datafield tag="300" ind1=" " ind2=" ">
         <marc:subfield code="a">3 v.</marc:subfield>
         <marc:subfield code="c">25 cm.</marc:subfield>
      </marc:datafield>
      <marc:datafield tag="546" ind1=" " ind2=" ">
         <marc:subfield code="a">In Arabic.</marc:subfield>
      </marc:datafield>
      <marc:datafield tag="600" ind1="1" ind2="0">
         <marc:subfield code="6">880-04</marc:subfield>
         <marc:subfield code="a">Ibn Ma&#x304;lik, Muh&#x323;ammad ibn &#x2BB;Abd Alla&#x304;h,</marc:subfield>
         <marc:subfield code="d">d. 1274.</marc:subfield>
         <marc:subfield code="t">Alfi&#x304;yah.</marc:subfield>
      </marc:datafield>
      <marc:datafield tag="650" ind1=" " ind2="0">
         <marc:subfield code="a">Arabic language</marc:subfield>
         <marc:subfield code="x">Grammar</marc:subfield>
         <marc:subfield code="x">Early works to 1800.</marc:subfield>
      </marc:datafield>
      <marc:datafield tag="945" ind1=" " ind2=" ">
         <marc:subfield code="a">F</marc:subfield>
         <marc:subfield code="b">1</marc:subfield>
         <marc:subfield code="c">2272.66548.948</marc:subfield>
         <marc:subfield code="e">v.1-3</marc:subfield>
      </marc:datafield>
      <marc:datafield tag="911" ind1=" " ind2=" ">
         <marc:subfield code="a">20000130</marc:subfield>
      </marc:datafield>
   </marc:record>
</marc:collection>
